<?xml version="1.0" encoding="UTF-8"?><collection xmlns="http://www.loc.gov/MARC21/slim"><record><leader>00660nam--2200193-u-4500</leader><controlfield tag="001">000050650</controlfield><controlfield tag="002">20161230</controlfield><controlfield tag="005">20161230201048</controlfield><controlfield tag="008">080227s1000------------r-----000-0-eng-d</controlfield><datafield ind1=" " ind2=" " tag="020"><subfield code="a">9789660242685</subfield></datafield><datafield ind1=" " ind2=" " tag="040"><subfield code="a">IFIN-HH</subfield></datafield><datafield ind1=" " ind2=" " tag="080"><subfield code="a">537.311.322:621.385.6</subfield></datafield><datafield ind1="1" ind2=" " tag="100"><subfield code="a">Atanassova, E.D</subfield></datafield><datafield ind1="1" ind2="0" tag="245"><subfield code="a">Effect of Active Actions on the Properties of Semiconductor Materials and Structurees</subfield><subfield code="c">E.d. atanassova, a.e. belyaev, r.v. konakova, p.m. lytvyn, v.v. milenin, v.f. mitin, v.v. shynkarenko</subfield></datafield><datafield ind1=" " ind2=" " tag="260"><subfield code="a">Kharkiv</subfield><subfield code="b">Institut Monokristalliv</subfield><subfield code="c">2007</subfield></datafield><datafield ind1=" " ind2=" " tag="300"><subfield code="a">216 p</subfield></datafield><datafield ind1="1" ind2=" " tag="700"><subfield code="a">Shynkarenko, V.V</subfield></datafield><datafield ind1=" " ind2=" " tag="852"><subfield code="a">81923</subfield><subfield code="c">537.311.33</subfield></datafield><datafield ind1=" " ind2=" " tag="CAT"><subfield code="a">Sys</subfield><subfield code="c">20110803</subfield><subfield code="h">093723</subfield></datafield></record></collection>